@STRING{ICASSP  = "Proceedings of {IEEE} International Conference on Acoustics, Speech and Signal Processing (ICASSP)"}
@STRING{CAMSAP  = "Proceedings of {IEEE} International Workshop on Computational Advances in Multi-Sensor Adaptive Processing (CAMSAP)"}
@STRING{WASPAA  = "Proceedings of {IEEE} Workshop on Applications of Signal Processing to Audio and Acoustics (WASPAA)"}
@STRING{LVAICA  = "Proceedings of Latent Variable Analysis and Signal Separation. LVA/ICA"}
@STRING{IWAENC  = "Proceedings of {IEEE} International Workshop on Acoustic Signal Enhancement (IWAENC)"}
@STRING{APSIPA  = "Proceedings of Asia Pacific Signal and Information Processing Association Annual Summit and Conference (APSIPA ASC)"}
@STRING{EUSIPCO = "Proceedings of European Signal Processing Conference (EUSIPCO)"}
@STRING{ASJ_S = "Proceedings of Spring Meeting of Acoustical Society of Japan (ASJ)"}
