@STRING{ICASSP  = "Proc. ICASSP"}
@STRING{CAMSAP  = "Proc. CAMSAP"}
@STRING{WASPAA  = "Proc. WASPAA"}
@STRING{LVAICA  = "Proc. LVA/ICA"}
@STRING{IWAENC  = "Proc. IWAENC"}
@STRING{EUSIPCO = "EUSIPCO"}
@STRING{APSIPA  = "Proc. APSIPA"}
