@ieeetranbstctl{IEEEexample:BSTcontrol,
	ctldash_repeated_names = "no",
}

@inproceedings{Ono:2010:LVAICA,
	author               = {Ono, Nobutaka and Miyabe, Shigeki},
	title                = {Auxiliary-Function-Based Independent Component Analysis for Super-{Gaussian} Sources},
	pages                = {165--172},
	booktitle            = LVAICA,
	year                 = {2010},
}

@inproceedings{Ono:2011:WASPAA,
	author               = {Ono, Nobutaka},
	title                = {Stable and fast update rules for independent vector analysis based on auxiliary function technique},
	pages                = {189--192},
	booktitle            = WASPAA,
	year                 = {2011},
}

@inproceedings{Ono:2012:IWAENC,
	author               = {Ono, Nobutaka},
	title                = {Fast Stereo Independent Vector Analysis and its Implementation on Mobile Phone},
	booktitle            = IWAENC,
	year                 = {2012},
	month                = sep,
}

@inproceedings{Ono:2013:EUSIPCO,
	author               = {Ono, Nobutaka},
	title                = {Blind Source Separation on {iPhone} in Real Environment},
	booktitle            = EUSIPCO,
	year                 = {2013},
	month                = sep,
}

@inproceedings{Ono:2018:ASJ:S,
	author               = {Ono, Nobutaka},
	title                = {Fast algorithm for independent component/vector/low-rank matrix analysis with three or more sources},
	pages                = {437--438},
	booktitle            = ASJ_S,
	year                 = {2018},
	month                = mar,
	note                 = {in Japanese},
}

@article{Kitamura:2016:ASLP,
	author               = {Kitamura, Daichi and Ono, Nobutaka and Sawada, Hiroshi and Kameoka, Hirokazu and Saruwatari, Hiroshi},
	title                = {Determined blind source separation unifying independent vector analysis and nonnegative matrix factorization},
	journal              = IEEE_J_ASLP,
	volume               = {24},
	pages                = {1622--1637},
	publisher            = {IEEE},
	number               = {9},
	year                 = {2016},
}

@inproceedings{Nakano:2010:MLSP,
	author               = {Nakano, Masahiro and Kameoka, Hirokazu and {Le Roux}, Jonathan and Kitano, Yu and Ono, Nobutaka and Sagayama, Shigeki},
	title                = {Convergence-guaranteed multiplicative algorithms for nonnegative matrix factorization with $\beta$-divergence},
	pages                = {283--288},
	booktitle            = {Proceedings of IEEE International Workshop on Machine Learning for Signal Processing},
	year                 = {2010},
}

@inproceedings{Scheibler:2018:ICASSP,
	author               = {Robin Scheibler and Eric Bezzam and Ivan Dokmani\'{c}},
	title                = {Pyroomacoustics: A {Python} Package for Audio Room Simulation and Array Processing Algorithms},
	pages                = {351--355},
	booktitle            = ICASSP,
	year                 = {2018},
	month                = apr,
}

@inproceedings{Yeredor:2009:CAMSAP,
	author               = {Yeredor, Arie},
	title                = {On hybrid exact-approximate joint diagonalization},
	pages                = {312--315},
	booktitle            = CAMSAP,
	year                 = {2009},
	month                = dec,
}

@article{Fevotte:2009:NeuralComputation,
	author               = {C\'{e}dric F\'{e}votte and N. Bertin and J. Durrieu},
	title                = {Nonnegative Matrix Factorization with the {Itakura--Saito} Divergence: With Application to Music Analysis},
	journal              = {Neural Computation},
	volume               = {21},
	pages                = {793--830},
	number               = {3},
	year                 = {2009},
	month                = mar,
}

@article{Comon:1994:ElsevierSP,
	author               = {Comon, Pierre},
	title                = {Independent Component Analysis, a New Concept?},
	journal              = {Signal Processing},
	volume               = {36},
	pages                = {287--314},
	publisher            = {Elsevier North-Holland, Inc.},
	number               = {3},
	year                 = {1994},
	month                = apr,
}

@article{Smaragdis:1998:Neurocomputing,
	author               = {Paris Smaragdis},
	title                = {Blind separation of convolved mixtures in the frequency domain},
	journal              = {Neurocomputing},
	volume               = {22},
	pages                = {21--34},
	number               = {1},
	year                 = {1998},
}

@inproceedings{SiSEC2011,
	author               = {Shoko Araki and Francesco Nesta and Emmanuel Vincent and Zbynek Koldovsk{\'y} and Guido Nolte and Andreas Ziehe and Alexis Benichoux},
	title                = {The 2011 Signal Separation Evaluation Campaign (SiSEC2011): - Audio Source Separation -},
	booktitle            = {Proceedings of Latent Variable Analysis and Signal Separation},
	year                 = {2012},
}

@inproceedings{DSD100,
	author               = {Liutkus, Antoine and St{\"o}ter, Fabian-Robert and Rafii, Zafar and Kitamura, Daichi and Rivet, Bertrand and Ito, Nobutaka and Ono, Nobutaka and Fontecave, Julie},
	title                = {The 2016 Signal Separation Evaluation Campaign},
	pages                = {323--332},
	booktitle            = {Proceedings of Latent Variable Analysis and Signal Separation},
	year                 = {2017},
	month                = aug,
}

@article{Kim:2006:ASLP,
	title                = {Blind source separation exploiting higher-order frequency dependencies}, author   = {Kim, Taesu and Attias, Hagai T and Lee, Soo-Young and Lee, Te-Won},
	journal              = IEEE_J_ASLP,
	volume               = {15},
	pages                = {70--79},
	publisher            = {IEEE},
	number               = {1},
	year                 = {2006},
}

@inproceedings{Yoshioka:2008:EUSIPCO,
	author               = {Yoshioka, Takuya and Nakatani, Tomohiro and Miyoshi, Masato},
	title                = {An integrated method for blind separation and dereverberation of convolutive audio mixtures},
	booktitle            = EUSIPCO,
	year                 = {2008},
	month                = aug,
}

@inproceedings{Mitsui:2017:CAMSAP,
	author               = {Mitsui, Yoshiki and Kitamura, Daichi and Takamune, Norihiro and Saruwatari, Hiroshi and Takahashi, Yu and Kondo, Kazunobu},
	title                = {Independent low-rank matrix analysis based on parametric majorization-equalization algorithm},
	booktitle            = CAMSAP,
	year                 = {2017},
	month                = dec,
}

@article{Vincent:2006:ASLP,
	author               = {Emmanuel Vincent and R\'{e}mi Gribonval and C\'{e}dric F\'{e}votte},
	title                = {Performance measurement in blind audio source separation},
	journal              = IEEE_J_ASLP,
	volume               = {14},
	pages                = {1462--1469},
	number               = {4},
	year                 = {2006},
	month                = jul,
}

@article{Saruwatari:2006:ASLP,
	author               = {Hiroshi Saruwatari and Toshiya Kawamura and Tsuyoki Nishikawa and Akinobu Lee and Kiyohiro Shikano},
	title                = {Blind source separation based on a fast-convergence algorithm combining {ICA} and beamforming},
	journal              = IEEE_J_ASLP,
	volume               = {14},
	pages                = {666--678},
	year                 = {2006},
}

@inproceedings{Hiroe:2006:ICA,
	author               = {Hiroe, Atsuo},
	title                = {Solution of permutation problem in frequency domain {ICA}, using multivariate probability density functions},
	pages                = {601--608},
	booktitle            = {Proceedings of Independent Component Analysis and Signal Separation},
	year                 = {2006},
}

@inproceedings{Lee:2000:NIPS,
	author               = {Lee, Daniel D. and Seung, H. Sebastian},
	title                = {Algorithms for Non-negative Matrix Factorization},
	pages                = {556--562},
	booktitle            = {Proceedings of Neural Information Processing Systems conference},
	year                 = {2001},
	month                = dec,
}

@article{Lee:1999:Nature,
	author               = {Lee, Daniel D. and Seung, H. Sebastian},
	title                = {Learning the parts of objects by non-negative matrix factorization},
	journal              = {Nature},
	volume               = {401},
	pages                = {788--791},
	number               = {6755},
	year                 = {1999},
}

@article{Virtanen:2007:ASLP,
	author               = {Tuomas Virtanen},
	title                = {Monaural Sound Source Separation by Nonnegative Matrix Factorization With Temporal Continuity and Sparseness Criteria},
	journal              = IEEE_J_ASLP,
	volume               = {15},
	pages                = {1066--1074},
	number               = {3},
	year                 = {2007},
	month                = mar,
}

@article{Ozerov:2010:ASLP,
	author               = {Alexey Ozerov and C\'{e}dric F\'{e}votte},
	title                = {Multichannel Nonnegative Matrix Factorization in Convolutive Mixtures for Audio Source Separation},
	journal              = IEEE_J_ASLP,
	volume               = {18},
	pages                = {550--563},
	number               = {3},
	year                 = {2010},
	month                = mar,
}

@inproceedings{Kameoka:2010:LVAICA,
	author               = {Kameoka, Hirokazu and Yoshioka, Takuya and Hamamura, Mariko and Le Roux, Jonathan and Kashino, Kunio},
	title                = {Statistical Model of Speech Signals Based on Composite Autoregressive System with Application to Blind Source Separation},
	pages                = {245--253},
	booktitle            = LVAICA,
	year                 = {2010},
	month                = sep,
}

@article{Sawada:2013:ASLP,
	author               = {Sawada, Hiroshi and Kameoka, Hirokazu and Araki, Shoko and Ueda, Naonori},
	title                = {Multichannel Extensions of Non-Negative Matrix Factorization With Complex-Valued Data},
	journal              = IEEE_J_ASLP,
	volume               = {21},
	pages                = {971--982},
	number               = {5},
	year                 = {2013},
	month                = may,
}

@article{Duong:2010:ASLP,
	author               = {N. Q. K. Duong and Emmanuel Vincent and R\'{e}mi Gribonval},
	title                = {Under-Determined Reverberant Audio Source Separation Using a Full-Rank Spatial Covariance Model},
	journal              = IEEE_J_ASLP,
	volume               = {18},
	pages                = {1830--1840},
	number               = {7},
	year                 = {2010},
	month                = sep,
}

@article{Hunter:2004:SIAM,
	author               = {David R Hunter and Kenneth Lange},
	title                = {A Tutorial on {MM} Algorithms},
	journal              = {The American Statistician},
	volume               = {58},
	pages                = {30--37},
	publisher            = {Taylor \& Francis},
	number               = {1},
	year                 = {2004},
}

@inproceedings{Scheibler:2019:WASPAA,
	author               = {Robin Scheibler and Ono, Nobutaka},
	title                = {Independent Vector Analysis with More Microphones than Sources},
	booktitle            = WASPAA,
	year                 = {2019},
}

@inproceedings{Kameoka:2009:ICASSP,
	author               = {Kameoka, Hirokazu and Ono, Nobutaka and Kashino, Kunio and Sagayama, Shigeki},
	title                = {Complex {NMF}: A new sparse representation for acoustic signals},
	pages                = {3437--3440},
	booktitle            = {Proceedings of International Conference on Acoustics, Speech, and Signal Processing},
	year                 = {2009},
	month                = apr,
}

@inproceedings{Jonathan:2019:ICASSP,
	author               = {Jonathan {Le Roux} and Scott {Wisdom} and Hakan {Erdogan} and John R. {Hershey}},
	title                = {{SDR} --- Half-baked or Well Done?},
	pages                = {626--630},
	booktitle            = {Proceedings of International Conference on Acoustics, Speech, and Signal Processing},
	year                 = {2019},
	month                = may,
	doi                  = {10.1109/ICASSP.2019.8683855},
}

@inproceedings{Nakashima:2019:SIP,
	author               = {{中嶋ほか}},
	title                = {分離ベクトルの同時更新による独立低ランク行列分析の高速化},
	pages                = {56--61},
	booktitle            = {第34回信号処理シンポジウム},
	year                 = {2019},
	month                = nov,
}

@inproceedings{Nakashima:2020:ASJ:S,
	author               = {{中嶋ほか}},
	title                = {{分離ベクトル同時更新による独立低ランク行列分析の収束性と性能向上の検討}},
	booktitle            = {音響学会講演論文集},
	year                 = {2020},
	month                = mar,
}

@inproceedings{Nakashima:2020:FA,
	author               = {Nakashima, Taishi and Scheibler, Robin and Wakabayashi, Yukoh and Ono, Nobutaka},
	title                = {Performance Evaluation of Independent Low-rank Matrix Analysis for Short Signals},
	booktitle            = {Proceedings of Forum Acusticum},
	year                 = {2020},
	month                = apr,
}

@article{JNAS,
	author               = {Itou, Katunobu and Yamamoto, Mikio and Takeda, Kazuya and Takezawa, Toshiyuki and Matsuoka, Tatsuo and Kobayashi, Tetsunori and Shikano, Kiyohiro and Itahashi, Shuichi},
	title                = {{JNAS}: Japanese speech corpus for large vocabulary continuous speech recognition research},
	journal              = {Journal of the Acoustical Society of Japan E},
	volume               = {20},
	pages                = {199--206},
	publisher            = {Japan Acoustical Society of Japan},
	number               = {3},
	year                 = {1999},
	month                = may,
}

@article{Mogami:2020:ASLP,
	author               = {S. {Mogami} and N. {Takamune} and D. {Kitamura} and H. {Saruwatari} and Y. {Takahashi} and K. {Kondo} and N. {Ono}},
	title                = {Independent Low-Rank Matrix Analysis Based on Time-Variant Sub-{Gaussian} Source Model for Determined Blind Source Separation},
	journal              = IEEE_J_ASLP,
	volume               = {28},
	pages                = {503--518},
	number               = {},
	year                 = {2020},
}

@article{Kitamura:2018:EURASIPJ,
	author               = {Kitamura, Daichi and Mogami, Shinichi and Mitsui, Yoshiki and Takamune, Norihiro and Saruwatari, Hiroshi and Ono, Nobutaka and Takahashi, Yu and Kondo, Kazunobu},
	title                = {Generalized independent low-rank matrix analysis using heavy-tailed distributions for blind source separation},
	journal              = {EURASIP Journal on Advances in Signal Processing},
	volume               = {2018},
	pages                = {28},
	number               = {1},
	year                 = {2018},
}

@article{Mogami:2019:IEICE,
	author               = {S. {Mogami} and Y. {Mitsui} and N. {Takamune} and D. {Kitamura} and H. {Saruwatari} and Y. {Takahashi} and K. {Kondo} and H. {Nakajima} and H. {Kameoka}},
	title                = {Independent Low-Rank Matrix Analysis Based on Generalized {Kullback}--{Leibler} Divergence},
	journal              = {IEICE Transactions on Fundamentals of Electronics, Communications and Computer Sciences},
	volume               = {E102-A},
	pages                = {458--463},
	number               = {2},
	year                 = {2019},
}

@article{Makishima:2019:ASLP,
	author               = {N. {Makishima} and S. {Mogami} and N. {Takamune} and D. {Kitamura} and H. {Sumino} and S. {Takamichi} and H. {Saruwatari} and N. {Ono}},
	title                = {Independent Deeply Learned Matrix Analysis for Determined Audio Source Separation},
	journal              = IEEE_J_ASLP,
	volume               = {27},
	pages                = {1601--1615},
	number               = {10},
	year                 = {2019},
	month                = oct,
}

@inproceedings{Sunohara:2017:ICASSP,
	author               = {Sunohara, Masahiro and Haruta, Chiho and Ono, Nobutaka},
	title                = {Low-latency real-time blind source separation for hearing aids based on time-domain implementation of online independent vector analysis with truncation of non-causal components},
	pages                = {216--220},
	booktitle            = ICASSP,
	year                 = {2017},
	month                = mar,
	doi                  = {10.1109/ICASSP.2017.7952149},
}

@inproceedings{Taniguchi:2014:HSCMA,
	author               = {Taniguchi, Toru and Ono, Nobutaka and Kawamura, Akinori and Sagayama, Shigeki},
	title                = {An auxiliary-function approach to online independent vector analysis for real-time blind source separation},
	pages                = {107--111},
	booktitle            = {Proceedings of Hands-Free Speech Communication and Microphone Arrays},
	year                 = {2014},
	month                = may,
}

@inproceedings{Mukai:2003:ICASSP,
	author               = {Mukai, Ryo and Sawada, Hiroshi and Araki, Shoko and Makino, Shoji},
	title                = {Robust real-time blind source separation for moving speakers in a room},
	volume               = {5},
	pages                = {V-469--V-472},
	booktitle            = ICASSP,
	issn                 = {1520-6149},
	year                 = {2003},
	month                = apr,
	doi                  = {10.1109/ICASSP.2003.1200008},
}

@article{Mukai:2004:IEICE,
	author               = {Mukai, Ryo and Sawada, Hiroshi and Araki, Shoko and Makino, Shoji},
	title                = {Blind Source Separation for Moving Speech Signals Using Blockwise {ICA} and Residual Crosstalk Subtraction},
	journal              = {IEICE Transactions on Fundamentals},
	volume               = {E87-A},
	number               = {8},
	year                 = {2004},
	month                = aug,
}

@inproceedings{Koutvas:2000:ICASSP,
	author               = {A. {Koutvas} and E. {Dermatas} and G. {Kokkinakis}},
	title                = {Blind speech separation of moving speakers in real reverberant environments},
	volume               = {2},
	pages                = {1133--1136},
	booktitle            = ICASSP,
	year                 = {2000},
	month                = jun,
	doi                  = {10.1109/ICASSP.2000.859164},
}

@article{Sallberg:2008:ASLP,
	author               = {Benny Sallberg and Nedelko Grbic and Ingvar Claesson},
	title                = {Complex-Valued Independent Component Analysis for Online Blind Speech Extraction},
	journal              = IEEE_J_ASLP,
	volume               = {16},
	pages                = {1624--1632},
	issn                 = {1558--7924},
	number               = {8},
	year                 = {2008},
	month                = nov,
	doi                  = {10.1109/TASL.2008.2002058},
}

@inproceedings{Scheibler:2020:ICASSP,
	author               = {Robin Scheibler and Nobutaka Ono},
	title                = {FAST AND STABLE BLIND SOURCE SEPARATION WITH RANK-1 UPDATES},
	booktitle            = ICASSP,
	year                 = {2020},
	month                = may,
}

@article{Bucak:2009:PATCOG,
	author               = {Bucak, Serhat S. and Gunsel, Bilge},
	title                = {Incremental Subspace Learning via Non-Negative Matrix Factorization},
	journal              = {Pattern Recogn.},
	volume               = {42},
	pages                = {788--797},
	publisher            = {Elsevier Science Inc.},
	address              = {USA},
	issn                 = {0031-3203},
	number               = {5},
	year                 = {2009},
	month                = may,
	doi                  = {10.1016/j.patcog.2008.09.002},
	url                  = {https://doi.org/10.1016/j.patcog.2008.09.002},
}

@inproceedings{Lefevre:2011:WASPAA,
	author               = {Lef\`{e}vre, Augustin and Bach, Francis and F\'{e}votte, C\'{e}dric},
	title                = {Online algorithms for nonnegative matrix factorization with the Itakura-Saito divergence},
	volume               = {},
	pages                = {313--316},
	booktitle            = WASPAA,
	number               = {},
	year                 = {2011},
	doi                  = {10.1109/ASPAA.2011.6082314},
}

@inproceedings{Lian:2021:ASJ:S,
	author               = {{連ほか}},
	title                = {音場補間に基づく円状マイクロホンアレイの自己回転角度推定},
	booktitle            = {音響学会春季研究発表会 講演論文集},
	year                 = {2021},
	month                = mar,
}

@inproceedings{Yamaji:2021:ASJ:A,
	author               = {{連ほか}},
	title                = {ハンガリー法を用いたパーミュテーション解法に基づくブラインド音源分離},
	booktitle            = {音響学会秋季研究発表会 講演論文集},
	year                 = {2021},
	month                = sep,
   note                 = {(発表予定)}
}

@inproceedings{Mogi:2021:ASJ:A,
	author               = {{茂木ほか}},
	title                = {ブラインド音源分離に基づく複数音源方向推定を用いた分離音源選択の検討},
	booktitle            = {音響学会秋季研究発表会 講演論文集},
	year                 = {2021},
	month                = sep,
   note                 = {(発表予定)}
}

@inproceedings{Lian:2021:APSIPA,
	author               = {Guansan Lian and Yukoh Wakabayashi and Taishi Nakashima and Nobutaka Ono},
	title                = {Self-rotation angle estimation of circular microphone array based on sound field interpolation},
	booktitle            = APSIPA,
	year                 = {2021},
	month                = dec,
   note                 = {(submitting)}
}
